<?xml version="1.0" encoding="UTF-8"?><collection xmlns="http://www.loc.gov/MARC21/slim"><record><leader>00299nam--2200121-i-4500</leader><controlfield tag="001">000027238</controlfield><controlfield tag="002">20161230</controlfield><controlfield tag="005">20161230201036</controlfield><controlfield tag="008">060222s1000------------r-----000-0-eng-d</controlfield><datafield ind1=" " ind2=" " tag="100"><subfield code="a">Keller,P.R</subfield></datafield><datafield ind1=" " ind2=" " tag="245"><subfield code="a">V.h.f. radio manual.theory, practice..</subfield></datafield><datafield ind1=" " ind2=" " tag="260"><subfield code="a">London, Newnes,1957. Vii+216p</subfield></datafield><datafield ind1=" " ind2=" " tag="852"><subfield code="a">12324</subfield></datafield></record></collection>